@article{fink,
	author = {Fink, Arlene},
	year = {1995},
	month = {01},
	pages = {},
	title = {The Survey Handbook. The Survey Kit, Volume 1},
	isbn = {ISBN-0-8039-5934-6}
}

@book{babbie,
	author= {Babbie, Earl},
	title={Métodos de pesquisas de survey},
  isbn={9788570411754},
  url={https://books.google.com.br/books?id=n16gZwEACAAJ},
  year={1999},
  publisher={Ed. da UFMG}
}

@MISC{Kitchenham04,
    Author = {Barbara Kitchenham},
    Title = { © Kitchenham, 2004 Procedures for Performing Systematic Reviews},
    Year = {2004}
}

@article{Brereton:2007:LAS:1225950.1226109,
 author = {Brereton, Pearl and Kitchenham, Barbara A. and Budgen, David and Turner, Mark and Khalil, Mohamed},
 title = {Lessons from Applying the Systematic Literature Review Process Within the Software Engineering Domain},
 journal = {J. Syst. Softw.},
 issue_date = {April, 2007},
 volume = {80},
 number = {4},
 month = apr,
 year = {2007},
 issn = {0164-1212},
 pages = {571--583},
 numpages = {13},
 url = {http://dx.doi.org/10.1016/j.jss.2006.07.009},
 doi = {10.1016/j.jss.2006.07.009},
 acmid = {1226109},
 publisher = {Elsevier Science Inc.},
 address = {New York, NY, USA},
 keywords = {Empirical software engineering, Systematic literature review},
}

@article{SAMPAIO2007,
   Title = {ESTUDOS DE REVISÃO SISTEMÁTICA: UM GUIA PARA SÍNTESE CRITERIOSA DA EVIDÊNCIA CIENTÍFICA},
   Journal = {Brazilian Journal of Physical Therapy},
   Author={Sampaio, RF AND Mancini, MC},
   ISSN = {1413-3555},
   Language = {pt},
   URL = {http://www.scielo.br/scielo.php?script=sci_arttext&pid=S1413-35552007000100013&nrm=iso},
   Volume = {11},
   Year = {2007},
   Month = {02},
   Pages = {83 - 89},
   Publisher = {scielo},
   }

@manual{inmetro2003,
	Author = {INMETRO},
	Title = {Vocabulário internacional de termos fundamentais e gerais de
	metrologia},
	Year = {2013},
	Address = {Rio de Janeiro, Brasil},
	Pages = {75},
	isbn = {85-87090-90-9},
}

@inproceedings{soviero1997,
	Author = {P. A. O. Soviero and L. G. M. Lavagna},
	Title = {A Numerical Model for Thin Airfoils in Unsteady Motion},
	Year = {1997},
	Pages = {332-340},
	Volume = {19},
	Number = {3},
	Booktitle = {Journal of the Brazilian Societyt Mechanical Sciences},
}

@inproceedings{sparrow1980,
	Author = {E. M. Sparrow},
	Title = {Forced Convection Heat Transfer in a Duct Having Spanwise-Periodic
	Rectangular Protuberances},
	Year = {1980},
	Pages = {149-167},
	Volume = {3},
	Booktitle = {Numerical Heat Transfer},
}

@article{clark1986,
	Author = {J. A. Clark},
	Title = {Private Communication},
	Year = {1986},
	Address = {University of Michigan},
}

@article{arruda2007,
	Author = {M. B. B. Arruda},
	Title = {Como fazer referências: bibliográficas, eletrônicas e demais
	formas de documentos},
	Year = {2007},
	Url = {http://bu.ufsc.br/framerefer.html}
}

@article{coimbra1978,
	Author = {A. L. Coimbra},
	Title = {Lessons of Continuum Mechanics},
	Year = {1978},
	Address = {São Paulo, Brazil},
	Pages = {428},
	Editor = {Edgard Blücher},
}

@inproceedings{bordalo1989,
	Author = {S. N. Bordalo and J. H. Ferziger and S. J. Kline},
	Title = {The Development of Zonal Models for Turbulence},
	Year = {1989},
	Pages = {41-44},
	Booktitle = {Proceedings of the 10th Brazilian Congress of Mechanical
	Engineering},
	Volume = {1},
}

@manual{NBR14724:2011,
	Address = {Rio de Janeiro},
	Date-Added = {2012-12-15 20:34:08 +0000},
	Date-Modified = {2012-12-15 20:35:25 +0000},
	Month = mar,
	Org-Short = {ABNT},
	Organization = {Associa{\c c}\~ao Brasileira de Normas T\'ecnicas},
	Pages = 15,
	Subtitle = {Informa{\c c}\~ao e documenta{\c c}\~ao --- trabalhos acad\^emicos --- apresenta{\c c}\~ao},
	Title = {{NBR} 14724},
	Year = 2011
}

@manual{NBR6034:2000,
	Address = {Rio de Janeiro},
	Org-Short = {ABNT},
	Organization = {Associa{\c c}\~ao Brasileira de Normas T\'ecnicas},
	Subtitle = {Informa{\c c}\~ao e documenta{\c c}\~ao --- Referências},
	Title = {{NBR} 14724},
	Year = 2000
}
